@Article{uno,
  author = {CÉSAR EDUARDO MONTALVO Arenas},
  title  = {OPTICA},
  year   = {2010},
}

@Book{dos,
  author = {Sears Zemansky},
  editor = {Pearson},
  title  = {Física Universitaria con física moderna},
  year   = {2009},
}

@Article{tres,
  author = {Lluís Prat Viñas},
  title  = {DISPOSITIVOS OPTOELECTRÓNICOS},
  year   = {2008},
}

@Article{cuatro,
  author  = {Lluís Prat Viñas},
  journal = {Escola Tècnica Superior d’Enginyers de Telecomunicació deBarcelona},
  title   = {DISPOSITIVOS EMISORES DE LUZ Y FIBRAS ÓPTICAS},
}

@Article{cinco,
  author = {Diana Milena Oliveros},
  title  = {Interferometría y Filtraje Óptico},
  year   = {2005},
}

@book{arenas2010,
  author    = {Carlos Enrique Moreno Arenas},
  year      = {2010},
  title     = {Óptica},
  publisher = {Trillas}
}

@Article{Blokhin2017,
  author  = {Anatoli V. Blokhin},
  journal = {Ural radio engineering journal},
  title   = {Alexander Stepanovich Popov the Inventor of Radio},
  year    = {2017},
  issn    = {2588-0462},
  number  = {1},
  pages   = {8-24},
  volume  = {1},
  doi     = {10.15826/urej.2017.1.1.001},
  file    = {:Libros y artículos/Alexander Popov.pdf:PDF},
  url     = {http://hdl.handle.net/10995/58733},
}

@Manual{2022,
  title        = {CubeSat Design Specification for 1U-12U},
  author       = {Cal Poly – San Luis Obispo, CA},
  edition      = {14.1},
  month        = feb,
  organization = {The CubeSat Program, Cal Poly SLO.},
  year         = {2022},
  file         = {:Libros y artículos/CubeSat Design Specification for 1U-12U.pdf:PDF},
  url          = {https://www.cubesat.org/cubesatinfo},
}